<?xml version="1.0" encoding="UTF-8"?><collection xmlns="http://www.loc.gov/MARC21/slim"><record><leader>00473nam--2200169-i-4500</leader><controlfield tag="001">000014963</controlfield><controlfield tag="002">20161230</controlfield><controlfield tag="005">20161230201031</controlfield><controlfield tag="008">060222s1000------------r-----000-0-eng-d</controlfield><datafield ind1=" " ind2=" " tag="040"><subfield code="a">IFIN-HH</subfield></datafield><datafield ind1=" " ind2=" " tag="080"><subfield code="a">539.1.074:539.16.08</subfield></datafield><datafield ind1="1" ind2=" " tag="100"><subfield code="a">Deme, Sandor</subfield></datafield><datafield ind1="1" ind2="0" tag="245"><subfield code="a">Semiconductor detectors for nuclear radiation measurement</subfield><subfield code="c">Deme sandor</subfield></datafield><datafield ind1=" " ind2=" " tag="260"><subfield code="a">Budapest</subfield><subfield code="b">Akademiai Kiado</subfield><subfield code="c">1971</subfield></datafield><datafield ind1=" " ind2=" " tag="300"><subfield code="a">319P</subfield></datafield><datafield ind1=" " ind2=" " tag="852"><subfield code="a">35588</subfield><subfield code="c">539.1.07:539.1.08</subfield></datafield><datafield ind1=" " ind2=" " tag="CAT"><subfield code="a">Sys</subfield><subfield code="c">20120524</subfield><subfield code="h">111123</subfield></datafield></record></collection>